<record><leader>00000cas a2200000 a 4500</leader><controlfield tag="001">14924716</controlfield><controlfield tag="008">861204c19259999iauwr ne      0    0eng d</controlfield><datafield ind1=" " ind2=" " tag="010"><subfield code="a">sn 87057554 </subfield></datafield><datafield ind1=" " ind2=" " tag="040"><subfield code="a">IWA</subfield><subfield code="b">eng</subfield><subfield code="c">IWA</subfield><subfield code="d">INP</subfield><subfield code="d">OCL</subfield><subfield code="d">OCLCQ</subfield></datafield><datafield ind1=" " ind2=" " tag="042"><subfield code="a">msc</subfield></datafield><datafield ind1="0" ind2="4" tag="245"><subfield code="a">The Carlisle citizen.</subfield></datafield><datafield ind1="3" ind2="0" tag="246"><subfield code="a">Carlisle citizen newspapers, inc</subfield></datafield><datafield ind1=" " ind2=" " tag="260"><subfield code="a">Carlisle, Iowa :</subfield><subfield code="b">Thorpe Publications</subfield></datafield><datafield ind1=" " ind2=" " tag="300"><subfield code="a">v. :</subfield><subfield code="b">ill.</subfield></datafield><datafield ind1=" " ind2=" " tag="310"><subfield code="a">Weekly</subfield></datafield><datafield ind1="1" ind2=" " tag="362"><subfield code="a">Began in 1925.</subfield></datafield><datafield ind1=" " ind2=" " tag="500"><subfield code="a">"Newspapers, inc." appears within title ornament, &lt;Aug. 30, 1962&gt;-Jan. 9, 1964.</subfield></datafield><datafield ind1=" " ind2=" " tag="500"><subfield code="a">Publisher varies.</subfield></datafield><datafield ind1=" " ind2=" " tag="588"><subfield code="a">Description based on: Vol. 10, no. 41 (Mar. 27, 1936).</subfield></datafield><datafield ind1=" " ind2=" " tag="752"><subfield code="a">United States</subfield><subfield code="b">Iowa</subfield><subfield code="c">Warren</subfield><subfield code="d">Carlisle.</subfield></datafield><datafield ind1="1" ind2=" " tag="029"><subfield code="a">AU@</subfield><subfield code="b">000020476582</subfield></datafield></record>